@inproceedings{jumadinova2008firefly,
  title={Firefly-inspired synchronization for improved dynamic pricing in online markets},
  author={Jumadinova, Janyl and Dasgupta, Prithviraj},
  booktitle={2008 Second IEEE International Conference on Self-Adaptive and Self-Organizing Systems},
  pages={403--412},
  year={2008},
  organization={IEEE}
}

@article{fister2013comprehensive,
  title={A comprehensive review of firefly algorithms},
  author={Fister, Iztok and Fister Jr, Iztok and Yang, Xin-She and Brest, Janez},
  journal={Swarm and evolutionary computation},
  volume={13},
  pages={34--46},
  year={2013},
  publisher={Elsevier}
}