% Ethan's references
@inproceedings{kennedy1995particle,
  title={Particle swarm optimization},
  author={Kennedy, James and Eberhart, Russell},
  booktitle={Proceedings of ICNN'95-international conference on neural networks},
  volume={4},
  pages={1942--1948},
  year={1995},
  organization={ieee}
}

@book{wilson2000sociobiology,
  title={Sociobiology: The new synthesis},
  author={Wilson, Edward O},
  year={2000},
  publisher={Harvard University Press}
}

@article{shieh2011modified,
  title={Modified particle swarm optimization algorithm with simulated annealing behavior and its numerical verification},
  author={Shieh, Horng-Lin and Kuo, Cheng-Chien and Chiang, Chin-Ming},
  journal={Applied Mathematics and Computation},
  volume={218},
  number={8},
  pages={4365--4383},
  year={2011},
  publisher={Elsevier}
}

% Nadeesha's references
@article{mirjalili2014grey,
  title={Grey wolf optimizer},
  author={Mirjalili, Seyedali and Mirjalili, Seyed Mohammad and Lewis, Andrew},
  journal={Advances in engineering software},
  volume={69},
  pages={46--61},
  year={2014},
  publisher={Elsevier}
}

@article{kandasamy2020literature,
  title={Literature Review on Grey Wolf Optimization Techniques},
  author={Kandasamy, P},
  journal={Int. J. Sci. Res.(IJSR)},
  volume={9},
  pages={1765--1769},
  year={2020}
}

@article{mirjalili2016multi,
  title={Multi-objective grey wolf optimizer: a novel algorithm for multi-criterion optimization},
  author={Mirjalili, Seyedali and Saremi, Shahrzad and Mirjalili, Seyed Mohammad and Coelho, Leandro dos S},
  journal={Expert systems with applications},
  volume={47},
  pages={106--119},
  year={2016},
  publisher={Elsevier}
}

%Ida Bagus's references
@article{heidari2019harris,
  title={Harris hawks optimization: Algorithm and applications},
  author={Heidari, Ali Asghar and Mirjalili, Seyedali and Faris, Hossam and Aljarah, Ibrahim and Mafarja, Majdi and Chen, Huiling},
  journal={Future generation computer systems},
  volume={97},
  pages={849--872},
  year={2019},
  publisher={Elsevier}
}

% Zijian's references
@article{karaboga2007powerful,
  title={A powerful and efficient algorithm for numerical function optimization: artificial bee colony (ABC) algorithm},
  author={Karaboga, Dervis and Basturk, Bahriye},
  journal={Journal of global optimization},
  volume={39},
  pages={459--471},
  year={2007},
  publisher={Springer}
}

@inproceedings{karaboga2007artificial,
  title={Artificial bee colony (ABC) optimization algorithm for solving constrained optimization problems},
  author={Karaboga, Dervis and Basturk, Bahriye},
  booktitle={International fuzzy systems association world congress},
  pages={789--798},
  year={2007},
  organization={Springer}
}

@article{kaya2022review,
  title={A review on the studies employing artificial bee colony algorithm to solve combinatorial optimization problems},
  author={Kaya, Ebubekir and Gorkemli, Beyza and Akay, Bahriye and Karaboga, Dervis},
  journal={Engineering Applications of Artificial Intelligence},
  volume={115},
  pages={105311},
  year={2022},
  publisher={Elsevier}
}





